@ARTICLE{connes:shapes,
	AUTHOR = "Allan Connes",
	TITLE = "The Music of Shapes",
	URL = "http://www.alainconnes.org/en/videos.php",
	PLACE = "Lille",
	MONTH = "September",
	YEAR = {2012}	}

@ARTICLE{meijer:auditory,
	AUTHOR = "Peter B. L. Meijer",
	TITLE = "An Experimental System for Auditory Image Representations",
	JOURNAL = {IEEE Transactions on Biomedical Engineering},
	VOLUME = {39},
	NUMBER = {2},
	PAGES = {112-121},
	MONTH = "February",
	YEAR = {1992}	}
@ARTICLE{camara:fdlib,
	AUTHOR = "Federico Camara Halac",
	TITLE = "fdlib",
	URL = "http://fdch.github.io/fdlib",
	ORGANIZATION = "NYU",
	YEAR = {2016}	}
@ARTICLE{camara:pixfft2,
	AUTHOR = "Federico Camara Halac",
	TITLE = "pix\_fft2",
	URL = "http://fdch.github.io/fd\_lib",
	ORGANIZATION = "NYU",
	YEAR = {2017}	}

@ARTICLE{polli:sonification,
	AUTHOR = "Andrea Polli",
	TITLE = "Atmospherics/Weather Works: A Spatialized Meteorological Data Sonification Project",
	JOURNAL = "Leonardo",
	PAGES = "31-36",
	VOLUME = "38",
	NUMBER = {1}, 
	YEAR = {2005}	}
    
@article{matsumoto:twister,
 author = {Matsumoto, Makoto and Nishimura, Takuji},
 title = {Mersenne Twister: A 623-dimensionally Equidistributed Uniform Pseudo-random Number Generator},
 journal = {ACM Trans. Model. Comput. Simul.},
 issue_date = {Jan. 1998},
 volume = {8},
 number = {1},
 month = jan,
 year = {1998},
 issn = {1049-3301},
 pages = {3--30},
 numpages = {28},
 url = {http://doi.acm.org/10.1145/272991.272995},
 doi = {10.1145/272991.272995},
 acmid = {272995},
 publisher = {ACM},
 address = {New York, NY, USA},
 keywords = {k-distribution, m-sequences, GFSR, MT19937, Mersenne primes, Mersenne twister, TGFSR, finite fields, incomplete array, inversive-decimation method, multiple-recursive matrix method, primitive polynomials, random number generation, tempering},
} 

 
@ARTICLE{bental:sonification,
	AUTHOR = "Oded Ben-Tal and Jonathan Berger",
	TITLE = "Creative Aspects of Sonification",
	JOURNAL = "Leonardo",
	PAGES = "229-232",
	VOLUME = "37",
	NUMBER = {3}, 
	YEAR = {2005}	}

@ARTICLE{yeo:framework,
	AUTHOR = "Woon Seung Yeo and Jonathan Berger",
	TITLE = "A FRAMEWORK FOR DESIGNING IMAGE SONIFICATION METHODS",
	JOURNAL = "Proceedings of ICAD 05-Eleventh Meeting of the International Conference on Auditory Display",
	PLACE = "Limerick, Ireland",
	YEAR = {2005}	} 
    
@ARTICLE{kramer:principles,
	AUTHOR = "Gregory Kramer",
	TITLE = "Some Organizing Principles for Representing Data With Sound",
	JOURNAL = " SFI Studies in the Sciences of Complexity, Proceedings",
    PUBLISHER = "Addison-Wesley Publishing Company",
	PAGES = "197-202",
	VOLUME = "XVIII",
	YEAR = {1994}	} 


@ARTICLE{yeo:raster,
	AUTHOR = "Yeo, Woon Seung; Berger, Jonathan",
	TITLE = "Raster Scanning: A New Approach to Image Sonification, Sound Visualization, Sound Analysis And Synthesis",
	JOURNAL = "Proc. of the 9th Int. Conference on Digital Audio Effects (DAFx-06)",
	PLACE = "Montreal, Canada",
	MONTH = "September",
	YEAR = {2006}	} 
@ARTICLE{bental:sonart,
	AUTHOR = "Oded Ben-Tal, Jonathan Berger, Bryan Cook, Michelle Daniels, Gary Scavone, and Perry Cook",
	TITLE = "SONART : THE SONIFICATION APPLICATION RESEARCH TOOLBOX",
	JOURNAL = {Proceedings of the 2002 International Conference on Auditory Display},
	
	MONTH = "July",
	YEAR = {2002}	}
@ARTICLE{bental:sonification2,
	AUTHOR = "ODED BEN-TAL, MICHELLE DANIELS, and JONATHAN BERGER",
	TITLE = "De Natura Sonoris: Sonification of Complex Data",
	JOURNAL = "CCRMA",
	YEAR = {2004}	}   
    
@BOOK{morton:humankind,
	AUTHOR = "Timothy Morton",
	TITLE = "Humankind: Solidarity with Non-Human People",
	PUBLISHER = "Verso",
	ADDRESS = "London",
	YEAR = "2017"	}


@ARTICLE{weinberg:brainwaves,
	AUTHOR = "Gil Weinberg and Travis Thatcher",
	TITLE = "Interctive Sonification: Aesthetics, Functionality and Performance",
	JOURNAL = "Leonardo Music Journal",
	VOLUME = "16",
	PAGES = {9-12},
	YEAR = {2006}	} 
    
@Article{discipio:interface,
	author = "Agostino Di Scipio",
    title = "‘Sound is the interface’: from interactive to ecosystemic signal processing",
    journal = "Organized Sound",
    volume = {8},
    number = {3},
    pages = {269-277},
    year = {2003}	}

@Article{danks:gem,
	author = "Mark Danks",
    title = "Real-time Image and Video Processing in GEM",
    journal = "ICMC Proceedings",
    year = {1997}	}
@article{sarahig:facetracker,
	author = "J. M. Saragih, S. Lucey, and J. F. Cohn",
    title = "Face Alignment through Subspace Constrained Mean-Shifts",
    journal = "International Conference of Computer Vision (ICCV)",
    month = "September", 
    year = {2009}	}
@article{thiebaut:images,
author = {Thiebaut, Jean-Baptiste and Bello, Juan and Schwarz, Diemo},
year = {2007},
month = {08},
pages = {},
title = {How Musical are Images? From Sound Representation to Image Sonification: An Eco Systemic Approach}
}
@article{askenfelt:threshold,
author = {Askenfelt, Anders and V. Jansson, Erik},
year = {1990},
month = {07},
pages = {52-63},
title = {From touch to string vibrations. I: Timing in the grand piano action},
volume = {88},
booktitle = {Journal of The Acoustical Society of America - J ACOUST SOC AMER}
}
@article{oliver:drum,
author = "Jaime Oliver and Mathew Jenkins",
title = "THE SILENT DRUM CONTROLLER: A NEW PERCUSSIVE GESTURAL INTERFACE",
journal = "ICMC Proceedings",
year = "2008"
}
@article{puckette:puredata,
author = "Miller Puckette",
title = "Pure Data  another integrated computer music environment",
journal = "ICMC Proceedings",
year = "1996"}

